<?xml version="1.0" encoding="UTF-8"?><collection xmlns="http://www.loc.gov/MARC21/slim"><record><leader>00621nam--2200193-i-4500</leader><controlfield tag="001">000016704</controlfield><controlfield tag="002">20161230</controlfield><controlfield tag="005">20161230201031</controlfield><controlfield tag="008">060222s1000------------r-----000-0-rum-d</controlfield><datafield ind1=" " ind2=" " tag="040"><subfield code="a">IFIN-HH</subfield></datafield><datafield ind1=" " ind2=" " tag="041"><subfield code="a">rum</subfield></datafield><datafield ind1=" " ind2=" " tag="080"><subfield code="a">533.9:621.375.826(043)</subfield></datafield><datafield ind1="1" ind2=" " tag="100"><subfield code="a">Mihalcea, Bogdan-vasile</subfield></datafield><datafield ind1="1" ind2="0" tag="245"><subfield code="a">Contributii la studiul tranzitiei de la haos la ordine in microplasmele rarefiate</subfield><subfield code="b">Teza</subfield><subfield code="c">Bogdan-vasile mihalcea</subfield></datafield><datafield ind1=" " ind2=" " tag="260"><subfield code="a">Bucuresti</subfield><subfield code="b">Institutul De Fizica Atomica</subfield><subfield code="c">1997</subfield></datafield><datafield ind1=" " ind2=" " tag="300"><subfield code="a">XIII + 192 P</subfield></datafield><datafield ind1=" " ind2=" " tag="502"><subfield code="a">Conducator Stiintific: Dr. Viorica N. Gheorghe</subfield></datafield><datafield ind1=" " ind2=" " tag="852"><subfield code="a">80851</subfield><subfield code="c">533.9</subfield></datafield><datafield ind1=" " ind2=" " tag="CAT"><subfield code="a">Sys</subfield><subfield code="c">20110504</subfield><subfield code="h">141117</subfield></datafield></record></collection>